<?xml version="1.0" encoding="UTF-8"?><collection xmlns="http://www.loc.gov/MARC21/slim"><record><leader>00632nam--2200169-i-4500</leader><controlfield tag="001">000012586</controlfield><controlfield tag="002">20161230</controlfield><controlfield tag="005">20161230201029</controlfield><controlfield tag="008">060222s1000------------r-----000-0-eng-d</controlfield><datafield ind1=" " ind2=" " tag="080"><subfield code="a">537.962:535.33:621.029.6(035.5)(083.5)(01)</subfield></datafield><datafield ind1="1" ind2=" " tag="100"><subfield code="a">Starck,B./S.A.</subfield></datafield><datafield ind1="1" ind2="0" tag="245"><subfield code="a">Zaed bibliography of microwave spectroscopy 1945-1975</subfield><subfield code="c">B. starck, r. mutter, c. spreter, k. kettemann, a. boggs, m. botskor, m. jones</subfield></datafield><datafield ind1=" " ind2=" " tag="260"><subfield code="a">Eseggenstein-leopoldshaften</subfield><subfield code="b">Zentralstelle Fur Atomkernenergie-dokumentation</subfield><subfield code="c">1977</subfield></datafield><datafield ind1=" " ind2=" " tag="490"><subfield code="a">Physik Daten Data Physics 9-1 1977</subfield></datafield><datafield ind1="1" ind2=" " tag="700"><subfield code="a">Jones, M</subfield></datafield><datafield ind1=" " ind2=" " tag="852"><subfield code="a">47445</subfield><subfield code="c">53.081</subfield></datafield><datafield ind1=" " ind2=" " tag="CAT"><subfield code="a">Sys</subfield><subfield code="c">20160401</subfield><subfield code="h">100019</subfield></datafield></record></collection>